
@Misc{		  afad_afad_2020,
  title		= {{{AFAD Earthquake}} Catalogue (1900\textendash{{Feb}}
		  2020), {{Prime Ministry}}, {{Disaster}} and {{Emergency
		  Management Pres}}-},
  author	= {{AFAD}},
  year		= {2020},
  howpublished	= {https://deprem.afad.gov.tr/depremkatalogu?lang=en\#}
}

@Article{	  akkar_8_2011,
  title		= {8 {{March}} 2010 {{Elaz\i\u{g}}}-{{Kovanc\i lar}}
		  ({{Turkey}}) {{Earthquake}}: {{Observations}} on {{Ground
		  Motions}} and {{Building Damage}}},
  shorttitle	= {8 {{March}} 2010 {{Elaz\i\u{g}}}-{{Kovanc\i lar}}
		  ({{Turkey}}) {{Earthquake}}},
  author	= {Akkar, Sinan and Aldemir, Alper and Askan, Aysegul and
		  Bak{\i}r, Sad{\i}k and Canbay, Erdem and Demirel, {\.I}
		  Ozan and Erberik, M. Altug and G{\"u}lerce, Zeynep and
		  G{\"u}lkan, Polat and Kalkan, Erol and Prakash, Surya and
		  Sand{\i}kkaya, M. Abdullah and Sevilgen, Volkan and
		  Ugurhan, Beliz and Yenier, Emrah},
  year		= {2011},
  volume	= {82},
  pages		= {42--58},
  publisher	= {{GeoScienceWorld}},
  issn		= {0895-0695},
  doi		= {10.1785/gssrl.82.1.42},
  journal	= {Seismological Research Letters},
  number	= {1}
}

@Article{	  aktug_slip_2016,
  title		= {Slip Rates and Seismic Potential on the {{East Anatolian
		  Fault System}} Using an Improved {{GPS}} Velocity Field},
  author	= {Aktug, B. and Ozener, H. and Dogru, A. and Sabuncu, A. and
		  Turgut, B. and Halicioglu, K. and Yilmaz, O. and Havazli,
		  E.},
  year		= {2016},
  volume	= {94-95},
  pages		= {1--12},
  issn		= {0264-3707},
  doi		= {10.1016/j.jog.2016.01.001},
  journal	= {Journal of Geodynamics}
}

@Article{	  ambraseys_characteristic_1970,
  title		= {Some Characteristic Features of the {{Anatolian}} Fault
		  Zone},
  author	= {Ambraseys, N. N.},
  year		= {1970},
  volume	= {9},
  pages		= {143--165},
  issn		= {0040-1951},
  doi		= {10.1016/0040-1951(70)90014-4},
  journal	= {Tectonophysics},
  number	= {2}
}

@Article{	  ambraseys_faulting_1998,
  title		= {Faulting Associated with Historical and Recent Earthquakes
		  in the {{Eastern Mediterranean}} Region},
  author	= {Ambraseys, N. N. and Jackson, J. A.},
  year		= {1998},
  volume	= {133},
  pages		= {390--406},
  issn		= {0956-540X},
  doi		= {10.1046/j.1365-246X.1998.00508.x},
  journal	= {Geophysical Journal International},
  number	= {2}
}

@Article{	  ambraseys_temporary_1989,
  title		= {Temporary Seismic Quiescence: {{SE Turkey}}},
  shorttitle	= {Temporary Seismic Quiescence},
  author	= {Ambraseys, N. N.},
  year		= {1989},
  volume	= {96},
  pages		= {311--331},
  issn		= {0956-540X},
  doi		= {10.1111/j.1365-246X.1989.tb04453.x},
  journal	= {Geophysical Journal International},
  number	= {2}
}

@Article{	  aochi_effect_2002,
  title		= {Effect of Normal Stress during Rupture Propagation along
		  Nonplanar Faults},
  author	= {Aochi, Hideo and Madariaga, Ra{\'u}l and Fukuyama, Eiichi},
  year		= {2002},
  volume	= {107},
  pages		= {ESE 5-1-ESE 5-10},
  issn		= {2156-2202},
  doi		= {10.1029/2001JB000500},
  journal	= {Journal of Geophysical Research: Solid Earth},
  number	= {B2}
}

@Article{	  armijo_westward_1999,
  title		= {Westward Propagation of the {{North Anatolian}} Fault into
		  the Northern {{Aegean}}: {{Timing}} and Kinematics},
  shorttitle	= {Westward Propagation of the {{North Anatolian}} Fault into
		  the Northern {{Aegean}}},
  author	= {Armijo, Rolando and Meyer, Bertrand and Hubert,
		  Aur{\'e}lia and Barka, Aykut},
  year		= {1999},
  volume	= {27},
  pages		= {267--270},
  issn		= {0091-7613},
  doi		= {10.1130/0091-7613(1999)027<0267:WPOTNA>2.3.CO;2},
  journal	= {Geology},
  number	= {3}
}

@Article{	  barka_slip_1996,
  title		= {Slip Distribution along the {{North Anatolian}} Fault
		  Associated with the Large Earthquakes of the Period 1939 to
		  1967},
  author	= {Barka, Aykut},
  year		= {1996},
  volume	= {86},
  pages		= {1238--1254},
  issn		= {0037-1106},
  journal	= {Bulletin of the Seismological Society of America},
  number	= {5}
}

@Article{	  barka_strike-slip_1988,
  title		= {Strike-Slip Fault Geometry in {{Turkey}} and Its Influence
		  on Earthquake Activity},
  author	= {Barka, A. A. and {Kadinsky-Cade}, K.},
  year		= {1988},
  volume	= {7},
  pages		= {663--684},
  issn		= {1944-9194},
  doi		= {10.1029/TC007i003p00663},
  journal	= {Tectonics},
  keywords	= {_tablet},
  number	= {3}
}

@Article{	  basilic_european_2013-1,
  title		= {The {{European Database}} of {{Seismogenic Faults}}
		  ({{EDSF}}) Compiled in the Framework of the {{Project
		  SHARE}}},
  author	= {Basilic, R. and Kastelic, V. and Demircioglu, M. B. and
		  Garcia Moreno, D. and Nemser, E. S. and Petricca, P. and
		  Sboras, S. P. and {Besana-Ostman}, G. M. and Cabral, J. and
		  Camelbeeck, T. and Caputo, R. and Danciu, L. and Domac, H.
		  and Fonseca, J. and {Garc{\'i}a-Mayordomo}, J. and
		  Giardini, D. and Glavatovic, B. and Gulen, L. and Ince, Y.
		  and Pavlides, S. and Sesetyan, K. and Tarabusi, G. and
		  Tiberti, M. M. and Utkucu, M. and Valensise, G. and
		  Vanneste, K. and Vilanova, S. and W{\"o}ssner, J.},
  year		= {2013},
  doi		= {10.6092/INGV.IT-SHARE-EDSF}
}

@Article{	  beresnev_uncertainties_2003,
  title		= {Uncertainties in {{Finite}}-{{Fault Slip Inversions}}:
		  {{To What Extent}} to {{Believe}}? ({{A Critical
		  Review}})},
  shorttitle	= {Uncertainties in {{Finite}}-{{Fault Slip Inversions}}},
  author	= {Beresnev, Igor A.},
  year		= {2003},
  volume	= {93},
  pages		= {2445--2458},
  issn		= {0037-1106, 1943-3573},
  doi		= {10.1785/0120020225},
  journal	= {Bulletin of the Seismological Society of America},
  keywords	= {_tablet,IMPORTANT},
  number	= {6}
}

@Article{	  bletery_distribution_2020-1,
  title		= {Distribution of {{Interseismic Coupling Along}} the
		  {{North}} and {{East Anatolian Faults Inferred From InSAR}}
		  and {{GPS Data}}},
  author	= {Bletery, Quentin and Cavali{\'e}, Olivier and Nocquet,
		  Jean-Mathieu and Ragon, Th{\'e}a},
  year		= {2020},
  volume	= {47},
  pages		= {e2020GL087775},
  issn		= {1944-8007},
  doi		= {10.1029/2020GL087775},
  annotation	= {\_eprint:
		  https://agupubs.onlinelibrary.wiley.com/doi/pdf/10.1029/2020GL087775},
  journal	= {Geophysical Research Letters},
  number	= {16}
}

@Article{	  bulut_east_2012,
  title		= {The {{East Anatolian Fault Zone}}: {{Seismotectonic}}
		  Setting and Spatiotemporal Characteristics of Seismicity
		  Based on Precise Earthquake Locations},
  shorttitle	= {The {{East Anatolian Fault Zone}}},
  author	= {Bulut, Fatih and Bohnhoff, Marco and Eken, Tuna and
		  Janssen, Christoph and K{\i}l{\i}{\c c}, Tu{\u g}bay and
		  Dresen, Georg},
  year		= {2012},
  volume	= {117},
  issn		= {2156-2202},
  doi		= {10.1029/2011JB008966},
  journal	= {Journal of Geophysical Research: Solid Earth},
  number	= {B7}
}

@Article{	  cakir_creeping_2005,
  title		= {Creeping along the {{Ismetpasa}} Section of the {{North
		  Anatolian}} Fault ({{Western Turkey}}): {{Rate}} and Extent
		  from {{InSAR}}},
  shorttitle	= {Creeping along the {{Ismetpasa}} Section of the {{North
		  Anatolian}} Fault ({{Western Turkey}})},
  author	= {Cakir, Ziyadin and Akoglu, Ahmet M. and Belabbes, Samir
		  and Ergintav, Semih and Meghraoui, Mustapha},
  year		= {2005},
  volume	= {238},
  pages		= {225--234},
  issn		= {0012-821X},
  doi		= {10.1016/j.epsl.2005.06.044},
  journal	= {Earth and Planetary Science Letters},
  number	= {1}
}

@Article{	  cakir_insar_2014,
  title		= {{{InSAR}} Velocity Field across the {{North Anatolian
		  Fault}} (Eastern {{Turkey}}): {{Implications}} for the
		  Loading and Release of Interseismic Strain Accumulation},
  shorttitle	= {{{InSAR}} Velocity Field across the {{North Anatolian
		  Fault}} (Eastern {{Turkey}})},
  author	= {Cakir, Ziyadin and Ergintav, Semih and Ako{\u g}lu, Ahmet
		  M. and {\c C}akmak, Rah{\c s}an and Tatar, Orhan and
		  Meghraoui, Mustapha},
  year		= {2014},
  volume	= {119},
  pages		= {7934--7943},
  issn		= {2169-9356},
  doi		= {10.1002/2014JB011360},
  journal	= {Journal of Geophysical Research: Solid Earth},
  number	= {10}
}

@Article{	  cakir_insar_2014-1,
  title		= {{{InSAR}} Velocity Field across the {{North Anatolian
		  Fault}} (Eastern {{Turkey}}): {{Implications}} for the
		  Loading and Release of Interseismic Strain Accumulation},
  shorttitle	= {{{InSAR}} Velocity Field across the {{North Anatolian
		  Fault}} (Eastern {{Turkey}})},
  author	= {Cakir, Ziyadin and Ergintav, Semih and Ako{\u g}lu, Ahmet
		  M. and {\c C}akmak, Rah{\c s}an and Tatar, Orhan and
		  Meghraoui, Mustapha},
  year		= {2014},
  volume	= {119},
  pages		= {7934--7943},
  issn		= {2169-9356},
  doi		= {10.1002/2014JB011360},
  annotation	= {\_eprint:
		  https://onlinelibrary.wiley.com/doi/pdf/10.1002/2014JB011360},
  journal	= {Journal of Geophysical Research: Solid Earth},
  number	= {10}
}

@Article{	  causse_constraining_2010,
  title		= {Constraining the Roughness Degree of Slip Heterogeneity},
  author	= {Causse, Mathieu and Cotton, Fabrice and Mai, P. M.},
  year		= {2010},
  volume	= {115},
  issn		= {2156-2202},
  doi		= {10.1029/2009JB006747},
  journal	= {Journal of Geophysical Research: Solid Earth},
  number	= {B5}
}

@Article{	  cavalie_block-like_2014,
  title		= {Block-like Plate Movements in Eastern {{Anatolia}}
		  Observed by {{InSAR}}},
  author	= {Cavali{\'e}, Olivier and J{\'o}nsson, Sigurj{\'o}n},
  year		= {2014},
  pages		= {26--31},
  issn		= {0094-8276},
  doi		= {10.1002/2013GL058170@10.1002/(ISSN)1944-8007.GRLeditorhghlts2014},
  journal	= {Geophysical Research Letters}
}

@Article{	  cetin_paleoseismology_2003,
  title		= {Paleoseismology of the {{Palu}}\textendash{{Lake Hazar}}
		  Segment of the {{East Anatolian Fault Zone}}, {{Turkey}}},
  author	= {Cetin, Hasan and G{\"u}neyli, Hakan and Mayer, Larry},
  year		= {2003},
  volume	= {374},
  pages		= {163--197},
  issn		= {0040-1951},
  doi		= {10.1016/j.tecto.2003.08.003},
  journal	= {Tectonophysics},
  number	= {3}
}

@Article{	  cheloni_source_2020,
  title		= {Source Modelling and Strong Ground Motion Simulations for
		  the {{January}} 24, 2020, {{Mw}} 6.8 {{Elaz\i\u{g}}}
		  Earthquake, {{Turkey}}},
  author	= {Cheloni, Daniele and Akinci, Aybige},
  year		= {2020},
  doi		= {10.1093/gji/ggaa350},
  journal	= {Geophysical Journal International}
}

@Article{	  chlieh_heterogeneous_2008,
  title		= {Heterogeneous Coupling of the {{Sumatran}} Megathrust
		  Constrained by Geodetic and Paleogeodetic Measurements},
  author	= {Chlieh, M. and Avouac, J. P. and Sieh, K. and Natawidjaja,
		  D. H. and Galetzka, John},
  year		= {2008},
  volume	= {113},
  issn		= {2156-2202},
  doi		= {10.1029/2007JB004981},
  journal	= {Journal of Geophysical Research: Solid Earth},
  number	= {B5}
}

@Article{	  diao_rapid_2016,
  title		= {Rapid Kinematic Finite-Fault Inversion for an {{Mw}} 7+
		  Scenario Earthquake in the {{Marmara Sea}}: An Uncertainty
		  Study},
  shorttitle	= {Rapid Kinematic Finite-Fault Inversion for an {{Mw}} 7+
		  Scenario Earthquake in the {{Marmara Sea}}},
  author	= {Diao, Faqi and Wang, Rongjiang and Aochi, Hideo and
		  Walter, Thomas R. and Zhang, Yong and Zheng, Yong and
		  Xiong, Xiong},
  year		= {2016},
  volume	= {204},
  pages		= {813--824},
  issn		= {0956-540X},
  doi		= {10.1093/gji/ggv459},
  journal	= {Geophysical Journal International},
  keywords	= {_tablet,IMPORTANT},
  number	= {2}
}

@Article{	  dogru_slip_2020,
  title		= {Slip Distribution of the 2020 {{Elaz\i\u{g} Earthquake}}
		  ({{MW}} 6.75) and Its Influence on Earthquake Hazard in the
		  {{Eastern Anatolia}}},
  author	= {Do{\u g}ru, Asl{\i} and Bulut, Fatih and Yalt{\i}rak, Cenk
		  and Aktu{\u g}, Bahad{\i}r},
  year		= {2020},
  doi		= {10.1093/gji/ggaa471},
  journal	= {Geophysical Journal International}
}

@Article{	  doin_presentation_2012,
  title		= {Presentation {{Of The Small Baseline NSBAS Processing
		  Chain On A Case Example}}: {{The ETNA Deformation
		  Monitoring From}} 2003 to 2010 {{Using ENVISAT Data}}},
  shorttitle	= {Presentation {{Of The Small Baseline NSBAS Processing
		  Chain On A Case Example}}},
  author	= {Doin, Marie-Pierre and Lodge, Felicity and Guillaso,
		  Stephane and Jolivet, Romain and Lasserre, Cecile and
		  Ducret, Gabriel and Grandin, Raphael and Pathier, Erwan and
		  Pinel, Virginie},
  year		= {2012},
  volume	= {697},
  pages		= {98}
}

@Article{	  du_comparison_1992,
  title		= {Comparison of Various Inversion Techniques as Applied to
		  the Determination of a Geophysical Deformation Model for
		  the 1983 {{Borah Peak}} Earthquake},
  author	= {Du, Yijun and Aydin, Atilla and Segall, Paul},
  year		= {1992},
  volume	= {82},
  pages		= {1840--1866},
  issn		= {0037-1106},
  journal	= {Bulletin of the Seismological Society of America},
  number	= {4}
}

@Article{	  duan_multicycle_2005,
  title		= {Multicycle Dynamics of Nonplanar Strike-Slip Faults},
  author	= {Duan, Benchun and Oglesby, David D.},
  year		= {2005},
  volume	= {110},
  issn		= {2156-2202},
  doi		= {10.1029/2004JB003298},
  journal	= {Journal of Geophysical Research: Solid Earth},
  number	= {B3}
}

@Article{	  duman_east_2013,
  title		= {The {{East Anatolian Fault}}: Geometry, Segmentation and
		  Jog Characteristics},
  shorttitle	= {The {{East Anatolian Fault}}},
  author	= {Duman, Tamer Y. and Emre, {\"O}mer},
  year		= {2013},
  volume	= {372},
  pages		= {495--529},
  issn		= {0305-8719, 2041-4927},
  doi		= {10.1144/SP372.14},
  journal	= {Geological Society, London, Special Publications},
  number	= {1}
}

@Article{	  duputel_accounting_2014,
  title		= {Accounting for Prediction Uncertainty When Inferring
		  Subsurface Fault Slip},
  author	= {Duputel, Zacharie and Agram, Piyush S. and Simons, Mark
		  and Minson, Sarah E. and Beck, James L.},
  year		= {2014},
  volume	= {197},
  pages		= {464--482},
  issn		= {0956-540X, 1365-246X},
  doi		= {10.1093/gji/ggt517},
  journal	= {Geophysical Journal International},
  keywords	= {IMPORTANT},
  number	= {1}
}

@Article{	  dziewonski_determination_1981,
  title		= {Determination of Earthquake Source Parameters from
		  Waveform Data for Studies of Global and Regional
		  Seismicity},
  author	= {Dziewonski, A. M. and Chou, T.-A. and Woodhouse, J. H.},
  year		= {1981},
  volume	= {86},
  pages		= {2825--2852},
  issn		= {2156-2202},
  doi		= {10.1029/JB086iB04p02825},
  annotation	= {\_eprint:
		  https://agupubs.onlinelibrary.wiley.com/doi/pdf/10.1029/JB086iB04p02825},
  journal	= {Journal of Geophysical Research: Solid Earth},
  number	= {B4}
}

@Article{	  gallovic_effects_2015,
  title		= {Effects of Three-Dimensional Crustal Structure and
		  Smoothing Constraint on Earthquake Slip Inversions:
		  {{Case}} Study of the {{Mw6}}.3 2009 {{L}}'{{Aquila}}
		  Earthquake},
  shorttitle	= {Effects of Three-Dimensional Crustal Structure and
		  Smoothing Constraint on Earthquake Slip Inversions},
  author	= {Gallovi{\v c}, Franti{\v s}ek and Imperatori, Walter and
		  Mai, P. Martin},
  year		= {2015},
  volume	= {120},
  pages		= {2014JB011650},
  issn		= {2169-9356},
  doi		= {10.1002/2014JB011650},
  journal	= {Journal of Geophysical Research: Solid Earth},
  keywords	= {_tablet},
  number	= {1}
}

@Article{	  garcia_moreno_structure_2011,
  title		= {Structure and Evolution of {{Lake Hazar}} Pull-Apart
		  {{Basin}} along the {{East Anatolian Fault}}},
  author	= {Garcia Moreno, D. and Hubert, Aurelia and Moernaut, J. and
		  Fraser, J. and Boes, X. and Van Daele, M. and Avsar, U. and
		  Cagatay, N. and De Batist, M.},
  year		= {2011},
  volume	= {23},
  issn		= {0950-091X},
  doi		= {10.1111/j.1365-2117.2010.00476.x},
  journal	= {Basin Research}
}

@Article{	  hartzell_stability_2007,
  title		= {Stability and {{Uncertainty}} of {{Finite}}-{{Fault Slip
		  Inversions}}: {{Application}} to the 2004 {{Parkfield}},
		  {{California}}, {{Earthquake}}},
  shorttitle	= {Stability and {{Uncertainty}} of {{Finite}}-{{Fault Slip
		  Inversions}}},
  author	= {Hartzell, Stephen and Liu, Pengcheng and Mendoza, Carlos
		  and Ji, Chen and Larson, Kristine M.},
  year		= {2007},
  volume	= {97},
  pages		= {1911--1934},
  issn		= {0037-1106, 1943-3573},
  doi		= {10.1785/0120070080},
  journal	= {Bulletin of the Seismological Society of America},
  keywords	= {_tablet,peut etre},
  number	= {6}
}

@Article{	  hubert-ferrari_3800_2020,
  title		= {A 3800 Yr Paleoseismic Record ({{Lake Hazar}} Sediments,
		  Eastern {{Turkey}}): {{Implications}} for the {{East
		  Anatolian Fault}} Seismic Cycle},
  shorttitle	= {A 3800 Yr Paleoseismic Record ({{Lake Hazar}} Sediments,
		  Eastern {{Turkey}})},
  author	= {{Hubert-Ferrari}, Aur{\'e}lia and Lamair, Laura and Hage,
		  Sophie and Schmidt, Sabine and {\c C}a{\u g}atay, M.
		  Nam{\i}k and Av{\c s}ar, Ula{\c s}},
  year		= {2020},
  volume	= {538},
  pages		= {116152},
  issn		= {0012-821X},
  doi		= {10.1016/j.epsl.2020.116152},
  journal	= {Earth and Planetary Science Letters}
}

@Article{	  hubertferrari_earthquake_2017,
  title		= {Earthquake Imprints on a Lacustrine Deltaic System: {{The
		  K\"urk Delta}} along the {{East Anatolian Fault}}
		  ({{Turkey}})},
  shorttitle	= {Earthquake Imprints on a Lacustrine Deltaic System},
  author	= {Hubert-Ferrari, Aur{\'e}lia and El-Ouahabi, Meriam and
		  Garcia-Moreno, David and Av{\c s}ar, Ula{\c s} and
		  Alt{\i}nok, Sevgi and Schmidt, Sabine and Fagel, Nathalie
		  and {\c C}a{\u g}atay, M. Nam{\i}k},
  year		= {2017},
  volume	= {64},
  pages		= {1322--1353},
  issn		= {1365-3091},
  doi		= {10.1111/sed.12355},
  journal	= {Sedimentology},
  number	= {5}
}

@Article{	  hussain_constant_2018,
  title		= {Constant Strain Accumulation Rate between Major
		  Earthquakes on the {{North Anatolian Fault}}},
  author	= {Hussain, Ekbal and Wright, Tim J. and Walters, Richard J.
		  and Bekaert, David P. S. and Lloyd, Ryan and Hooper,
		  Andrew},
  year		= {2018},
  volume	= {9},
  pages		= {1392},
  publisher	= {{Nature Publishing Group}},
  issn		= {2041-1723},
  doi		= {10.1038/s41467-018-03739-2},
  journal	= {Nature Communications},
  number	= {1}
}

@Article{	  jamalreyhani_seismicity_2020,
  title		= {Seismicity Related to the Eastern Sector of {{Anatolian}}
		  Escape Tectonic: The Example of the 24 {{January}} 2020
		  {{Mw}} 6.77 {{Elaz\i\u{g}}}-{{Sivrice}} Earthquake},
  shorttitle	= {Seismicity Related to the Eastern Sector of {{Anatolian}}
		  Escape Tectonic},
  author	= {Jamalreyhani, Mohammadreza and B{\"u}y{\"u}kakp{\i}nar,
		  P{\i}nar and Cesca, Simone and Dahm, Torsten and Sudhaus,
		  Henriette and Rezapour, Mehdi and Isken, Marius Paul and
		  Maleki Asayesh, Behnam and Heimann, Sebastian},
  year		= {2020},
  pages		= {1--22},
  issn		= {1869-9510},
  doi		= {10.5194/se-2020-55},
  journal	= {Solid Earth Discussions}
}

@Article{	  jolivet_2013_2014,
  title		= {The 2013 {{Mw}} 7.7 {{Balochistan Earthquake}}: {{Seismic
		  Potential}} of an {{Accretionary Wedge}}},
  shorttitle	= {The 2013 {{Mw}} 7.7 {{Balochistan Earthquake}}},
  author	= {Jolivet, R. and Duputel, Z. and Riel, B. and Simons, M.
		  and Rivera, L. and Minson, S. E. and Zhang, H. and Aivazis,
		  M. a. G. and Ayoub, F. and Leprince, S. and Samsonov, S.
		  and Motagh, M. and Fielding, E. J.},
  year		= {2014},
  volume	= {104},
  pages		= {1020--1030},
  issn		= {0037-1106, 1943-3573},
  doi		= {10.1785/0120130313},
  journal	= {Bulletin of the Seismological Society of America},
  number	= {2}
}

@Article{	  jolivet_shallow_2012,
  title		= {Shallow Creep on the {{Haiyuan Fault}} ({{Gansu}},
		  {{China}}) Revealed by {{SAR Interferometry}}},
  author	= {Jolivet, R. and Lasserre, C. and Doin, M.-P. and Guillaso,
		  S. and Peltzer, G. and Dailu, R. and Sun, J. and Shen,
		  Z.-K. and Xu, X.},
  year		= {2012},
  volume	= {117},
  pages		= {B06401},
  issn		= {2156-2202},
  doi		= {10.1029/2011JB008732},
  journal	= {Journal of Geophysical Research: Solid Earth},
  keywords	= {_tablet},
  number	= {B6}
}

@Article{	  jolivet_spatio-temporal_2013,
  title		= {Spatio-Temporal Evolution of Aseismic Slip along the
		  {{Haiyuan}} Fault, {{China}}: {{Implications}} for Fault
		  Frictional Properties},
  shorttitle	= {Spatio-Temporal Evolution of Aseismic Slip along the
		  {{Haiyuan}} Fault, {{China}}},
  author	= {Jolivet, R. and Lasserre, C. and Doin, M. -P. and Peltzer,
		  G. and Avouac, J. -P. and Sun, J. and Dailu, R.},
  year		= {2013},
  volume	= {377-378},
  pages		= {23--33},
  issn		= {0012-821X},
  doi		= {10.1016/j.epsl.2013.07.020},
  journal	= {Earth and Planetary Science Letters}
}

@Article{	  kaneko_interseismic_2013,
  title		= {Interseismic Deformation and Creep along the Central
		  Section of the {{North Anatolian Fault}} ({{Turkey}}):
		  {{InSAR}} Observations and Implications for Rate-and-State
		  Friction Properties},
  shorttitle	= {Interseismic Deformation and Creep along the Central
		  Section of the {{North Anatolian Fault}} ({{Turkey}})},
  author	= {Kaneko, Y. and Fialko, Y. and Sandwell, D. T. and Tong, X.
		  and Furuya, M.},
  year		= {2013},
  volume	= {118},
  pages		= {316--331},
  issn		= {2169-9356},
  doi		= {10.1029/2012JB009661},
  annotation	= {\_eprint:
		  https://onlinelibrary.wiley.com/doi/pdf/10.1029/2012JB009661},
  journal	= {Journal of Geophysical Research: Solid Earth},
  number	= {1}
}

@Article{	  kaneko_towards_2010,
  title		= {Towards Inferring Earthquake Patterns from Geodetic
		  Observations of Interseismic Coupling},
  author	= {Kaneko, Yoshihiro and Avouac, Jean-Philippe and Lapusta,
		  Nadia},
  year		= {2010},
  volume	= {3},
  pages		= {363--369},
  issn		= {1752-0908},
  doi		= {10.1038/ngeo843},
  journal	= {Nature Geoscience},
  number	= {5}
}

@Article{	  kato_effect_1999,
  title		= {Effect of Fault Bend on the Rupture Propagation Process of
		  Stick-Slip},
  author	= {Kato, Naoyuki and Satoh, Takashi and Lei, Xinglin and
		  Yamamoto, Kiyohiko and Hirasawa, Tomowo},
  year		= {1999},
  volume	= {310},
  pages		= {81--99},
  issn		= {0040-1951},
  doi		= {10.1016/S0040-1951(99)00149-3},
  journal	= {Tectonophysics},
  number	= {1}
}

@Article{	  king_role_1985,
  title		= {Role of {{Fault Bends}} in the {{Initiation}} and
		  {{Termination}} of {{Earthquake Rupture}}},
  author	= {King, Geoffrey and Nabelek, John},
  year		= {1985},
  volume	= {228},
  pages		= {984--987},
  issn		= {0036-8075, 1095-9203},
  doi		= {10.1126/science.228.4702.984},
  journal	= {Science},
  keywords	= {_tablet},
  number	= {4702},
  pmid		= {17797661}
}

@Article{	  king_speculations_1986,
  title		= {Speculations on the Geometry of the Initiation and
		  Termination Processes of Earthquake Rupture and Its
		  Relation to Morphology and Geological Structure},
  author	= {King, G. C. P.},
  year		= {1986},
  volume	= {124},
  pages		= {567--585},
  issn		= {1420-9136},
  doi		= {10.1007/BF00877216},
  journal	= {pure and applied geophysics},
  number	= {3}
}

@Article{	  klinger_relation_2010,
  title		= {Relation between Continental Strike-Slip Earthquake
		  Segmentation and Thickness of the Crust},
  author	= {Klinger, Yann},
  year		= {2010},
  volume	= {115},
  issn		= {2156-2202},
  doi		= {10.1029/2009JB006550},
  journal	= {Journal of Geophysical Research: Solid Earth},
  number	= {B7}
}

@Article{	  langer_impact_2020-1,
  title		= {Impact of Topography on Earthquake Static Slip Estimates},
  author	= {Langer, Leah and Ragon, Th{\'e}a and Sladen, Anthony and
		  Tromp, Jeroen},
  year		= {2020},
  pages		= {228566},
  issn		= {0040-1951},
  doi		= {10.1016/j.tecto.2020.228566},
  journal	= {Tectonophysics}
}

@Article{	  liang_interferometry_2017,
  title		= {Interferometry {{With ALOS}}-2 {{Full}}-{{Aperture ScanSAR
		  Data}}},
  author	= {Liang, Cunren and Fielding, Eric J.},
  year		= {2017},
  volume	= {55},
  pages		= {2739--2750},
  issn		= {1558-0644},
  doi		= {10.1109/TGRS.2017.2653190},
  journal	= {IEEE Transactions on Geoscience and Remote Sensing},
  number	= {5}
}

@Article{	  liang_measuring_2017,
  title		= {Measuring {{Azimuth Deformation With L}}-{{Band ALOS}}-2
		  {{ScanSAR Interferometry}}},
  author	= {Liang, Cunren and Fielding, Eric J.},
  year		= {2017},
  volume	= {55},
  pages		= {2725--2738},
  issn		= {1558-0644},
  doi		= {10.1109/TGRS.2017.2653186},
  journal	= {IEEE Transactions on Geoscience and Remote Sensing},
  number	= {5}
}

@Article{	  liu-zeng_millennial_2007,
  title		= {Millennial {{Recurrence}} of {{Large Earthquakes}} on the
		  {{Haiyuan Fault}} near {{Songshan}}, {{Gansu Province}},
		  {{China}}},
  author	= {{Liu-Zeng}, Jing and Klinger, Yann and Xu, Xiwei and
		  Lasserre, C{\'e}cile and Chen, Guihua and Chen, Wenbing and
		  Tapponnier, Paul and Zhang, Biao},
  year		= {2007},
  volume	= {97},
  pages		= {14--34},
  issn		= {0037-1106},
  doi		= {10.1785/0120050118},
  journal	= {Bulletin of the Seismological Society of America},
  number	= {1B}
}

@Article{	  lohman_thoughts_2005,
  title		= {Some Thoughts on the Use of {{InSAR}} Data to Constrain
		  Models of Surface Deformation: {{Noise}} Structure and Data
		  Downsampling},
  shorttitle	= {Some Thoughts on the Use of {{InSAR}} Data to Constrain
		  Models of Surface Deformation},
  author	= {Lohman, Rowena B. and Simons, Mark},
  year		= {2005},
  volume	= {6},
  pages		= {Q01007},
  issn		= {1525-2027},
  doi		= {10.1029/2004GC000841},
  journal	= {Geochemistry, Geophysics, Geosystems},
  number	= {1}
}

@Article{	  maden_one-dimensional_2012,
  title		= {One-{{Dimensional Thermal Modeling}} of the {{Eastern
		  Pontides Orogenic Belt}} ({{NE Turkey}})},
  author	= {Maden, Nafiz},
  year		= {2012},
  volume	= {169},
  pages		= {235--248},
  issn		= {1420-9136},
  doi		= {10.1007/s00024-011-0296-0},
  journal	= {Pure and Applied Geophysics},
  number	= {1}
}

@Article{	  mai_earthquakesource_2016,
  title		= {The {{Earthquake}}-{{Source Inversion Validation}}
		  ({{SIV}}) {{Project}}},
  author	= {Mai, P. Martin and Schorlemmer, Danijel and Page, Morgan
		  and Ampuero, Jean-Paul and Asano, Kimiyuki and Causse,
		  Mathieu and Custodio, Susana and Fan, Wenyuan and Festa,
		  Gaetano and Galis, Martin and Gallovic, Frantisek and
		  Imperatori, Walter and K{\"a}ser, Martin and Malytskyy,
		  Dmytro and Okuwaki, Ryo and Pollitz, Fred and Passone, Luca
		  and Razafindrakoto, Hoby N. T. and Sekiguchi, Haruko and
		  Song, Seok Goo and Somala, Surendra N. and Thingbaijam,
		  Kiran K. S. and Twardzik, Cedric and van Driel, Martin and
		  Vyas, Jagdish C. and Wang, Rongjiang and Yagi, Yuji and
		  Zielke, Olaf},
  year		= {2016},
  issn		= {0895-0695, 1938-2057},
  doi		= {10.1785/0220150231},
  journal	= {Seismological Research Letters}
}

@Article{	  manighetti_self-similarity_2009,
  title		= {Self-Similarity of the Largest-Scale Segmentation of the
		  Faults: {{Implications}} for Earthquake Behavior},
  shorttitle	= {Self-Similarity of the Largest-Scale Segmentation of the
		  Faults},
  author	= {Manighetti, Isabelle and Zigone, Dimitri and Campillo,
		  Michel and Cotton, Fabrice},
  year		= {2009},
  volume	= {288},
  pages		= {370--381},
  issn		= {0012-821X},
  doi		= {10.1016/j.epsl.2009.09.040},
  journal	= {Earth and Planetary Science Letters},
  number	= {3}
}

@Article{	  mcclusky_global_2000,
  title		= {Global {{Positioning System}} Constraints on Plate
		  Kinematics and Dynamics in the Eastern {{Mediterranean}}
		  and {{Caucasus}}},
  author	= {McClusky, S. and Balassanian, S. and Barka, A. and Demir,
		  C. and Ergintav, S. and Georgiev, I. and Gurkan, O. and
		  Hamburger, M. and Hurst, K. and Kahle, H. and Kastens, K.
		  and Kekelidze, G. and King, R. and Kotzev, V. and Lenk, O.
		  and Mahmoud, S. and Mishin, A. and Nadariya, M. and
		  Ouzounis, A. and Paradissis, D. and Peter, Y. and Prilepin,
		  M. and Reilinger, R. and Sanli, I. and Seeger, H. and
		  Tealeb, A. and Toks{\"o}z, M. N. and Veis, G.},
  year		= {2000},
  volume	= {105},
  pages		= {5695--5719},
  issn		= {2156-2202},
  doi		= {10.1029/1999JB900351},
  annotation	= {\_eprint:
		  https://agupubs.onlinelibrary.wiley.com/doi/pdf/10.1029/1999JB900351},
  journal	= {Journal of Geophysical Research: Solid Earth},
  number	= {B3}
}

@Article{	  mckenzie_active_1972,
  title		= {Active {{Tectonics}} of the {{Mediterranean Region}}},
  author	= {McKenzie, Dan},
  year		= {1972},
  volume	= {30},
  pages		= {109--185},
  issn		= {0956-540X},
  doi		= {10.1111/j.1365-246X.1972.tb02351.x},
  journal	= {Geophysical Journal International},
  number	= {2}
}

@Article{	  mckenzie_plate_1970,
  title		= {Plate {{Tectonics}} of the {{Mediterranean Region}}},
  author	= {Mckenzie, D. P.},
  year		= {1970},
  volume	= {226},
  pages		= {239--243},
  issn		= {1476-4687},
  doi		= {10.1038/226239a0},
  journal	= {Nature},
  number	= {5242}
}

@Article{	  melgar_rupture_2020-1,
  title		= {Rupture Kinematics of {{January}} 24, 2020 {{Mw}} 6.7
		  {{Do\u{g}anyol}}-{{Sivrice}}, {{Turkey}} Earthquake on the
		  {{East Anatolian Fault}} Zone Imaged by Space Geodesy},
  author	= {Melgar, Diego and Ganas, Athanassios and Taymaz, Tuncay
		  and Valkaniotis, Sotiris and Crowell, Brendan W. and
		  Kapetanidis, Vasilis and Tsironi, Varvara and {Yolsal-{\c
		  C}evikbilen}, Seda and {\"O}calan, Taylan},
  year		= {2020},
  doi		= {10.1093/gji/ggaa345},
  journal	= {Geophysical Journal International}
}

@Article{	  minson_bayesian_2013,
  title		= {Bayesian Inversion for Finite Fault Earthquake Source
		  Models {{I}} -- Theory and Algorithm},
  author	= {Minson, S. E. and Simons, M. and Beck, J. L.},
  year		= {2013},
  volume	= {194},
  pages		= {1701--1726},
  issn		= {0956-540X, 1365-246X},
  doi		= {10.1093/gji/ggt180},
  journal	= {Geophysical Journal International},
  keywords	= {_tablet},
  number	= {3}
}

@Article{	  minson_bayesian_2014,
  title		= {Bayesian Inversion for Finite Fault Earthquake Source
		  Models \textendash{} {{II}}: The 2011 Great {{Tohoku}}-Oki,
		  {{Japan}} Earthquake},
  shorttitle	= {Bayesian Inversion for Finite Fault Earthquake Source
		  Models \textendash{} {{II}}},
  author	= {Minson, S. E. and Simons, M. and Beck, J. L. and Ortega,
		  F. and Jiang, J. and Owen, S. E. and Moore, A. W. and
		  Inbal, A. and Sladen, A.},
  year		= {2014},
  volume	= {198},
  pages		= {922--940},
  issn		= {0956-540X, 1365-246X},
  doi		= {10.1093/gji/ggu170},
  journal	= {Geophysical Journal International},
  number	= {2}
}

@Misc{		  neic_neic_2020,
  title		= {{{NEIC Earthquake}} Catalogue. {{National Earthquake
		  Information Centre}}, {{On}}-Line {{Bulletin}},},
  author	= {NEIC},
  year		= {2020},
  howpublished	= {https://earthquake.usgs.gov/earthquakes/search/}
}

@Article{	  ozer_imaging_2019,
  title		= {Imaging the {{Crustal Structure Throughout}} the {{East
		  Anatolian Fault Zone}}, {{Turkey}}, by {{Local Earthquake
		  Tomography}}},
  author	= {Ozer, Caglar and Ozyazicioglu, Mehmet and Gok, Elcin and
		  Polat, Orhan},
  year		= {2019},
  volume	= {176},
  pages		= {2235--2261},
  issn		= {1420-9136},
  doi		= {10.1007/s00024-018-2076-6},
  journal	= {Pure and Applied Geophysics},
  number	= {6}
}

@Article{	  perfettini_seismic_2010,
  title		= {Seismic and Aseismic Slip on the {{Central Peru}}
		  Megathrust},
  author	= {Perfettini, Hugo and Avouac, Jean-Philippe and Tavera,
		  Hernando and Kositsky, Andrew and Nocquet, Jean-Mathieu and
		  Bondoux, Francis and Chlieh, Mohamed and Sladen, Anthony
		  and Audin, Laurence and Farber, Daniel L. and Soler,
		  Pierre},
  year		= {2010},
  volume	= {465},
  pages		= {78--81},
  issn		= {00280836},
  journal	= {Nature},
  keywords	= {_tablet},
  number	= {7294}
}

@Article{	  perrin_off-fault_2016,
  title		= {Off-Fault Tip Splay Networks: {{A}} Genetic and Generic
		  Property of Faults Indicative of Their Long-Term
		  Propagation},
  shorttitle	= {Off-Fault Tip Splay Networks},
  author	= {Perrin, Cl{\'e}ment and Manighetti, Isabelle and Gaudemer,
		  Yves},
  year		= {2016},
  volume	= {348},
  pages		= {52--60},
  issn		= {1631-0713},
  doi		= {10.1016/j.crte.2015.05.002},
  journal	= {Comptes Rendus Geoscience},
  number	= {1},
  series	= {From Past to Current Tectonics}
}

@Article{	  persson_simple_2004,
  title		= {A {{Simple Mesh Generator}} in {{MATLAB}}},
  author	= {Persson, Per-Olof and Strang, Gilbert},
  year		= {2004},
  volume	= {46},
  pages		= {329--345},
  issn		= {0036-1445},
  doi		= {10.1137/S0036144503429121},
  journal	= {SIAM Review},
  number	= {2}
}

@Article{	  poussebeltran_2020_2020,
  title		= {The 2020 {{Mw}} 6.8 {{Elaz\i\u{g}}} ({{Turkey}})
		  {{Earthquake Reveals Rupture Behavior}} of the {{East
		  Anatolian Fault}}},
  author	= {Pousse-Beltran, L{\'e}a and Nissen, Edwin and Bergman,
		  Eric A. and Cambaz, Musavver Didem and Gaudreau, {\'E}lyse
		  and Karas{\"o}zen, Ezgi and Tan, Fengzhou},
  year		= {2020},
  volume	= {47},
  pages		= {e2020GL088136},
  issn		= {1944-8007},
  doi		= {10.1029/2020GL088136},
  annotation	= {\_eprint:
		  https://agupubs.onlinelibrary.wiley.com/doi/pdf/10.1029/2020GL088136},
  journal	= {Geophysical Research Letters},
  number	= {13}
}

@Article{	  ragon_accounting_2018-1,
  title		= {Accounting for Uncertain Fault Geometry in Earthquake
		  Source Inversions \textendash{} {{I}}: Theory and
		  Simplified Application},
  shorttitle	= {Accounting for Uncertain Fault Geometry in Earthquake
		  Source Inversions \textendash{} {{I}}},
  author	= {Ragon, Th{\'e}a and Sladen, Anthony and Simons, Mark},
  year		= {2018},
  volume	= {214},
  pages		= {1174--1190},
  issn		= {0956-540X},
  doi		= {10.1093/gji/ggy187},
  journal	= {Geophysical Journal International},
  number	= {2}
}

@Article{	  ragon_accounting_2019-1,
  title		= {Accounting for Uncertain Fault Geometry in Earthquake
		  Source Inversions \textendash{} {{II}}: Application to the
		  {{Mw}} 6.2 {{Amatrice}} Earthquake, Central {{Italy}}},
  shorttitle	= {Accounting for Uncertain Fault Geometry in Earthquake
		  Source Inversions \textendash{} {{II}}},
  author	= {Ragon, Th{\'e}a and Sladen, Anthony and Simons, Mark},
  year		= {2019},
  volume	= {218},
  pages		= {689--707},
  issn		= {0956-540X},
  doi		= {10.1093/gji/ggz180},
  journal	= {Geophysical Journal International},
  number	= {1}
}

@Article{	  ragon_joint_2019-1,
  title		= {Joint {{Inversion}} of {{Coseismic}} and {{Early
		  Postseismic Slip}} to {{Optimize}} the {{Information
		  Content}} in {{Geodetic Data}}: {{Application}} to the 2009
		  {{Mw6}}.3 {{L}}'{{Aquila Earthquake}}, {{Central Italy}}},
  shorttitle	= {Joint {{Inversion}} of {{Coseismic}} and {{Early
		  Postseismic Slip}} to {{Optimize}} the {{Information
		  Content}} in {{Geodetic Data}}},
  author	= {Ragon, Th{\'e}a and Sladen, Anthony and Bletery, Quentin
		  and Vergnolle, Mathilde and Cavali{\'e}, Olivier and
		  Avallone, Antonio and Balestra, Julien and Delouis,
		  Bertrand},
  year		= {2019},
  volume	= {124},
  pages		= {10522--10543},
  issn		= {2169-9356},
  doi		= {10.1029/2018JB017053},
  journal	= {Journal of Geophysical Research: Solid Earth},
  number	= {10}
}

@Article{	  razafindrakoto_uncertainty_2014,
  title		= {Uncertainty in {{Earthquake Source Imaging Due}} to
		  {{Variations}} in {{Source Time Function}} and {{Earth
		  Structure}}},
  author	= {Razafindrakoto, Hoby N. T. and Mai, P. Martin},
  year		= {2014},
  volume	= {104},
  pages		= {855--874},
  issn		= {0037-1106, 1943-3573},
  doi		= {10.1785/0120130195},
  journal	= {Bulletin of the Seismological Society of America},
  keywords	= {IMPORTANT},
  number	= {2}
}

@Article{	  reilinger_gps_2006,
  title		= {{{GPS}} Constraints on Continental Deformation in the
		  {{Africa}}-{{Arabia}}-{{Eurasia}} Continental Collision
		  Zone and Implications for the Dynamics of Plate
		  Interactions},
  author	= {Reilinger, Robert and McClusky, Simon and Vernant,
		  Philippe and Lawrence, Shawn and Ergintav, Semih and
		  Cakmak, Rahsan and Ozener, Haluk and Kadirov, Fakhraddin
		  and Guliev, Ibrahim and Stepanyan, Ruben and Nadariya,
		  Merab and Hahubia, Galaktion and Mahmoud, Salah and Sakr,
		  K. and ArRajehi, Abdullah and Paradissis, Demitris and
		  Al-Aydrus, A. and Prilepin, Mikhail and Guseva, Tamara and
		  Evren, Emre and Dmitrotsa, Andriy and Filikov, S. V. and
		  Gomez, Francisco and Al-Ghazzi, Riad and Karam, Gebran},
  year		= {2006},
  volume	= {111},
  issn		= {2156-2202},
  doi		= {10.1029/2005JB004051},
  journal	= {Journal of Geophysical Research: Solid Earth},
  number	= {B5}
}

@InProceedings{	  rosen_insar_2012,
  title		= {The {{InSAR Scientific Computing Environment}}},
  booktitle	= {9th {{European Conference}} on {{Synthetic Aperture
		  Radar}}},
  author	= {Rosen, Paul A. Gurrola},
  year		= {2012},
  address	= {{Nuremberg, Germany}}
}

@Article{	  schmittbuhl_long-lasting_2016,
  title		= {Long-Lasting Seismic Repeaters in the {{Central Basin}} of
		  the {{Main Marmara Fault}}},
  author	= {Schmittbuhl, J. and Karabulut, H. and Lenglin{\'e}, O. and
		  Bouchon, M.},
  year		= {2016},
  volume	= {43},
  pages		= {9527--9534},
  issn		= {1944-8007},
  doi		= {10.1002/2016GL070505},
  journal	= {Geophysical Research Letters},
  number	= {18}
}

@Article{	  sengor_north_2005,
  title		= {The {{North Anatolian Fault}}: {{A New Look}}},
  shorttitle	= {The {{North Anatolian Fault}}},
  author	= {{\c S}eng{\"o}r, A.M.C and T{\"u}ys{\"u}z, Okan and
		  {\.I}mren, Caner and Sak{\i}n{\c c}, Mehmet and Eyido{\u
		  g}an, Haluk and G{\"o}r{\"u}r, Naci and Le Pichon, Xavier
		  and Rangin, Claude},
  year		= {2005},
  volume	= {33},
  pages		= {37--112},
  doi		= {10.1146/annurev.earth.32.101802.120415},
  journal	= {Annual Review of Earth and Planetary Sciences},
  number	= {1}
}

@Article{	  stein_progressive_1997,
  title		= {Progressive Failure on the {{North Anatolian}} Fault since
		  1939 by Earthquake Stress Triggering},
  author	= {Stein, Ross S. and Barka, Aykut A. and Dieterich, James
		  H.},
  year		= {1997},
  volume	= {128},
  pages		= {594--604},
  issn		= {0956-540X},
  doi		= {10.1111/j.1365-246X.1997.tb05321.x},
  journal	= {Geophysical Journal International},
  number	= {3}
}

@Article{	  tan_aftershock_2011,
  title		= {Aftershock Study and Seismotectonic Implications of the 8
		  {{March}} 2010 {{Kovanc\i lar}} ({{Elaz\i\u{g}}},
		  {{Turkey}}) Earthquake ({{MW}} = 6.1)},
  author	= {Tan, Onur and Pabu{\c c}cu, Z{\"u}mer and Tap{\i}rdamaz,
		  M. Cengiz and {\.I}nan, Sedat and Ergintav, Semih and
		  Eyido{\u g}an, Haluk and Aksoy, Ercan and
		  Kulu{\"o}zt{\"u}rk, Fatih},
  year		= {2011},
  volume	= {38},
  issn		= {1944-8007},
  doi		= {10.1029/2011GL047702},
  journal	= {Geophysical Research Letters},
  number	= {11}
}

@Book{		  tarantola_inverse_2005,
  title		= {Inverse {{Problem Theory}} and {{Methods}} for {{Model
		  Parameter Estimation}}},
  author	= {Tarantola, A.},
  year		= {2005},
  publisher	= {{Society for Industrial and Applied Mathematics}},
  isbn		= {978-0-89871-572-9},
  series	= {Other {{Titles}} in {{Applied Mathematics}}}
}

@Article{	  tatar_surface_2020,
  title		= {Surface Deformations of 24 {{January}} 2020 {{Sivrice}}
		  ({{Elaz\i\u{g}}})\textendash{{Do\u{g}anyol}} ({{Malatya}})
		  Earthquake ({{Mw}}\,=\,6.8) along the {{P\"ut\"urge}}
		  Segment of the {{East Anatolian Fault Zone}} and Its
		  Comparison with {{Turkey}}'s 100-Year-Surface Ruptures},
  author	= {Tatar, Orhan and S{\"o}zbilir, Hasan and Ko{\c c}bulut,
		  Fikret and Bozkurt, Erdin and Aksoy, Ercan and Eski, Semih
		  and {\"O}zmen, B{\"u}lent and Alan, H{\"u}seyin and Metin,
		  Y{\"u}ksel},
  year		= {2020},
  issn		= {2661-8648},
  doi		= {10.1007/s42990-020-00037-2},
  journal	= {Mediterranean Geoscience Reviews}
}

@Article{	  twardzik_unravelling_2019,
  title		= {Unravelling the Contribution of Early Postseismic
		  Deformation Using Sub-Daily {{GNSS}} Positioning |},
  author	= {Twardzik, Cedric and Vergnolle, Mathilde and Sladen,
		  Anthony and Avallone, Antonio},
  year		= {2019},
  volume	= {9},
  pages		= {1775},
  issn		= {2045-2322},
  doi		= {10.1038/s41598-019-39038-z},
  journal	= {Scientific Reports},
  number	= {1}
}

@Article{	  vallee_new_2016,
  title		= {A New Database of Source Time Functions ({{STFs}})
		  Extracted from the {{SCARDEC}} Method},
  author	= {Vall{\'e}e, Martin and Douet, Vincent},
  year		= {2016},
  volume	= {257},
  pages		= {149--157},
  issn		= {0031-9201},
  doi		= {10.1016/j.pepi.2016.05.012},
  journal	= {Physics of the Earth and Planetary Interiors}
}

@Article{	  walters_interseismic_2011,
  title		= {Interseismic Strain Accumulation across the {{North
		  Anatolian Fault}} from {{Envisat InSAR}} Measurements},
  author	= {Walters, R. J. and Holley, R. J. and Parsons, B. and
		  Wright, T. J.},
  year		= {2011},
  volume	= {38},
  issn		= {1944-8007},
  doi		= {10.1029/2010GL046443},
  annotation	= {\_eprint:
		  https://onlinelibrary.wiley.com/doi/pdf/10.1029/2010GL046443},
  journal	= {Geophysical Research Letters},
  number	= {5}
}

@Article{	  wells_new_1994,
  title		= {New Empirical Relationships among Magnitude, Rupture
		  Length, Rupture Width, Rupture Area, and Surface
		  Displacement},
  author	= {Wells, Donald L. and Coppersmith, Kevin J.},
  year		= {1994},
  volume	= {84},
  pages		= {974--1002},
  issn		= {0037-1106},
  journal	= {Bulletin of the Seismological Society of America},
  number	= {4}
}

@Article{	  wesnousky_predicting_2006,
  title		= {Predicting the Endpoints of Earthquake Ruptures},
  author	= {Wesnousky, Steven G.},
  year		= {2006},
  volume	= {444},
  pages		= {358--360},
  issn		= {1476-4687},
  doi		= {10.1038/nature05275},
  journal	= {Nature},
  number	= {7117}
}

@Article{	  wessel_generic_2019,
  title		= {The {{Generic Mapping Tools Version}} 6},
  author	= {Wessel, P. and Luis, J. F. and Uieda, L. and Scharroo, R.
		  and Wobbe, F. and Smith, W. H. F. and Tian, D.},
  year		= {2019},
  volume	= {n/a},
  issn		= {1525-2027},
  doi		= {10.1029/2019GC008515},
  journal	= {Geochemistry, Geophysics, Geosystems},
  number	= {n/a}
}

@Article{	  wright_measurement_2001,
  title		= {Measurement of Interseismic Strain Accumulation across the
		  {{North Anatolian Fault}} by Satellite Radar
		  Interferometry},
  author	= {Wright, Tim and Parsons, Barry and Fielding, Eric},
  year		= {2001},
  volume	= {28},
  pages		= {2117--2120},
  issn		= {1944-8007},
  doi		= {10.1029/2000GL012850},
  annotation	= {\_eprint:
		  https://onlinelibrary.wiley.com/doi/pdf/10.1029/2000GL012850},
  journal	= {Geophysical Research Letters},
  number	= {10}
}

@Article{	  xu_refining_2016,
  title		= {Refining the Shallow Slip Deficit},
  author	= {Xu, Xiaohua and Tong, Xiaopeng and Sandwell, David T. and
		  Milliner, Christopher W. D. and Dolan, James F. and
		  Hollingsworth, James and Leprince, Sebastien and Ayoub,
		  Francois},
  year		= {2016},
  volume	= {204},
  pages		= {1867--1886},
  issn		= {0956-540X},
  doi		= {10.1093/gji/ggv563},
  journal	= {Geophysical Journal International},
  number	= {3}
}

@Article{	  yagi_importance_2008,
  title		= {Importance of Covariance Components in Inversion Analyses
		  of Densely Sampled Observed Data: An Application to
		  Waveform Data Inversion for Seismic Source Processes},
  shorttitle	= {Importance of Covariance Components in Inversion Analyses
		  of Densely Sampled Observed Data},
  author	= {Yagi, Yuji and Fukahata, Yukitoshi},
  year		= {2008},
  volume	= {175},
  pages		= {215--221},
  issn		= {0956-540X, 1365-246X},
  doi		= {10.1111/j.1365-246X.2008.03884.x},
  journal	= {Geophysical Journal International},
  number	= {1}
}

@Article{	  yilmaz_kinematics_2006,
  title		= {Kinematics of the {{East Anatolian Fault Zone}} between
		  {{Turkoglu}} ({{Kahramanmaras}}) and {{Celikhan}}
		  ({{Adiyaman}}), Eastern {{Turkey}}},
  author	= {Yilmaz, Huseyin and Over, Semir and Ozden, Suha},
  year		= {2006},
  volume	= {58},
  pages		= {1463--1473},
  issn		= {1880-5981},
  doi		= {10.1186/BF03352645},
  journal	= {Earth, Planets and Space},
  number	= {11}
}

@Article{	  zhu_note_2002,
  title		= {A Note on the Dynamic and Static Displacements from a
		  Point Source in Multilayered Media},
  author	= {Zhu, Lupei and Rivera, Luis A.},
  year		= {2002},
  volume	= {148},
  pages		= {619--627},
  issn		= {0956-540X},
  doi		= {10.1046/j.1365-246X.2002.01610.x},
  journal	= {Geophysical Journal International},
  number	= {3}
}
