
@article{metropolis_monte_1949,
	title = {The {Monte} {Carlo} {Method}},
	volume = {44},
	issn = {0162-1459},
	url = {https://www.tandfonline.com/doi/abs/10.1080/01621459.1949.10483310},
	doi = {10.1080/01621459.1949.10483310},
	number = {247},
	urldate = {2018-07-26},
	journal = {Journal of the American Statistical Association},
	author = {Metropolis, Nicholas and Ulam, S.},
	month = sep,
	year = {1949},
	pmid = {18139350},
	pages = {335--341},
	file = {Snapshot:/home/thea/.Zotero/storage/MXEH8KBP/01621459.1949.html:text/html},
}


@unpublished{van_den_ende_creating_2021,
	title = {Creating a {Diamond} {Open} {Access} community journal for {Seismology} and {Earthquake} {Science}},
	url = {http://eartharxiv.org/repository/view/2557/},
	author = {van den Ende, Martijn and Bruhat, Lucile and Funning, Gareth and Gabriel, Alice-Agnes and Hicks, Stephen and Jolivet, Romain and Lecocq, Thomas and Rowe, Christie},
	month = jul,
	year = {2021},
	doi = {10.31223/X5304V},
        type = {EarthArXiv preprint}
}

@misc{rf_software,
    title = {trichter/rf: v1.1.1},
    author = {Eulenfeld, Tom and Mark, Hannah and Katz, Daniel S. and Uieda, Leonardo and Lecocq, Thomas and Megies, Tobias},
    doi = {10.5281/zenodo.4455036},
    type = {software},
    year = {2025},
}


@techreport{mueller_documentation_2003,
	type = {Open-{File} {Report}},
	title = {Documentation for 2003 {USGS} {Seismic} {Hazard} {Maps} for {Puerto} {Rico} and the {U}.{S}. {Virgin} {Islands}},
	url = {https://pubsdata.usgs.gov/pubs/of/2003/ofr-03-379/ofr-03-379.html},
	language = {en},
	number = {03-379},
	institution = {USGS},
	author = {Mueller, C.S. and Frankel, A.D. and Petersen, M.D. and Leyendecker, E.V.},
	year = {2003},
}

